@misc{MVPPhoto,
    author = "Vasiliy Zukanov",
    title = "Activities in Android are not UI Elements",
    year = "2015",
    url = "https://www.techyourchance.com/activities-android/",
    note = "[accessed 25-March-2018]"
}	
  
@book{brooks1987no,
  title={No silver bullet},
  author={Brooks, F and Kugler, HJ},
  year={1987},
  publisher={April}
}

@book{booch2006object,
  title={Object oriented analysis \& design with application},
  author={Booch, Grady},
  year={2006},
  publisher={Pearson Education India}
}

@book{sommerville2010software,
  title={Software engineering},
  author={Sommerville, Ian},
  year={2010},
  publisher={New York: Addison-Wesley}
}

@book{fowler2004uml,
  title={UML distilled: a brief guide to the standard object modeling language},
  author={Fowler, Martin},
  year={2004},
  publisher={Addison-Wesley Professional}
}

@book{gamma1995design,
  title={Design patterns: elements of reusable object-oriented software},
  author={Gamma, Erich},
  year={1995},
  publisher={Pearson Education India}
}

@inproceedings{lewis2016decision,
  title={A decision model for cyber-foraging systems},
  author={Lewis, Grace A and Lago, Patricia and Avgeriou, Paris},
  booktitle={Software Architecture (WICSA), 2016 13th Working IEEE/IFIP Conference on},
  pages={51--60},
  year={2016},
  organization={IEEE}
}